<collection xmlns="http://www.loc.gov/MARC21/slim">
<record>
  <leader>00831nam0a22001811i 450 </leader>
  <controlfield tag="001">IT\ICCU\CNCE\062202</controlfield>
  <controlfield tag="005">20100326000000.0</controlfield>
  <datafield tag="100" ind1=" " ind2=" ">
    <subfield code="a">20051103f1501        0itac0103    ba</subfield>
  </datafield>
  <datafield tag="101" ind1=" " ind2=" ">
    <subfield code="a">ITA</subfield>
  </datafield>
  <datafield tag="102" ind1=" " ind2=" ">
    <subfield code="a">IT</subfield>
  </datafield>
  <datafield tag="200" ind1="1" ind2=" ">
    <subfield code="a">Incomincia la resuscitatione di Lazaro in rima vulgari secondo che recita de parola in parola la dignissima compagnia de lo Confallone di Roma in lo loco dicto Coliseo</subfield>
  </datafield>
  <datafield tag="210" ind1=" " ind2=" ">
    <subfield code="d">\1501?!</subfield>
  </datafield>
  <datafield tag="215" ind1=" " ind2=" ">
    <subfield code="a">\8! c.</subfield>
    <subfield code="c">ill. </subfield>
    <subfield code="d">4ʻ</subfield>
  </datafield>
  <datafield tag="300" ind1=" " ind2=" ">
    <subfield code="a">Stampata a Roma da Johann Besicken e Martin van Amsterdam; per il luogo e il tipografo cfr.: A. Cioni, Bibliografia delle sacre rappresentazioni, p. 218</subfield>
  </datafield>
  <datafield tag="620" ind1=" " ind2=" ">
    <subfield code="a">IT</subfield>
    <subfield code="d">Roma</subfield>
  </datafield>
  <datafield tag="712" ind1="0" ind2="0">
    <subfield code="a">Besicken, Johann &amp; Martin van Amsterdam</subfield>
    <subfield code="3">IT\ICCU\CNCT\002250</subfield>
    <subfield code="4">650</subfield>
  </datafield>
  <datafield tag="791" ind1="0" ind2="2">
    <subfield code="a">Martin van Amsterdam</subfield>
    <subfield code="3">IT\ICCU\CNCT\002251</subfield>
    <subfield code="z">Besicken, Johann &amp; Martin van Amsterdam</subfield>
  </datafield>
  <datafield tag="801" ind1=" " ind2="3">
    <subfield code="a">IT</subfield>
    <subfield code="b">ICCU</subfield>
    <subfield code="c">20201115</subfield>
  </datafield>
</record>
</collection>
